@inproceedings{Dabboussi2009ASynthesis,
    title = {{A Dilated LMI Approach to Robust H∞ Static State Feedback Controller Synthesis}},
    year = {2009},
    booktitle = {2009 16th IEEE International Conference on Electronics, Circuits and Systems, ICECS 2009},
    author = {Dabboussi, Kamel and Zrida, Jalel},
    pages = {491--494},
    isbn = {9781424450916},
    doi = {10.1109/ICECS.2009.5410885}
}

@techreport{Shaked2001ImprovedUncertainty,
    title = {{Improved LMI Representations for the Analysis and the Design of Continuous-Time Systems with Polytopic Type Uncertainty}},
    year = {2001},
    booktitle = {IEEE TRANSACTIONS ON AUTOMATIC CONTROL},
    author = {Shaked, U},
    number = {4},
    volume = {46},
    isbn = {00189286/01{\$}10.0}
}

@techreport{Gondzio2011Interior,
    title = {{Interior Point Methods 25 Years Later *}},
    year = {2011},
    author = {Gondzio, Jacek},
    url = {http://www.maths.ed.ac.uk/ERGO/},
    keywords = {()}
}

@book{Boyd1994LinearTheory,
    title = {{Linear matrix inequalities in system and control theory}},
    year = {1994},
    author = {Boyd, Stephen P.},
    pages = {193},
    publisher = {Society for Industrial and Applied Mathematics},
    isbn = {089871334X}
}

@article{Rodrigues2015NewSystems,
    title = {{New Extended LMI Characterization for State Feedback Control of Continuous-Time Uncertain Linear Systems}},
    year = {2015},
    journal = {European Control Conference},
    author = {Rodrigues, Luis A and Oliveira, Ricardo C L F and Camino, Juan F},
    month = {7},
    pages = {1992--1997},
    isbn = {9783952426944}
}

@article{Rodrigues2018ParameterizedSystems,
    title = {{Parameterized LMIs for robust H2 and H∞ state feedback control of continuous-time polytopic systems}},
    year = {2018},
    journal = {International Journal of Robust and Nonlinear Control},
    author = {Rodrigues, L. A. and Oliveira, R. C.L.F. and Camino, J. F.},
    number = {3},
    month = {2},
    pages = {940--952},
    volume = {28},
    publisher = {John Wiley and Sons Ltd},
    doi = {10.1002/rnc.3911},
    issn = {10991239},
    keywords = {H∞ and H2 norms, LMI relaxations, parameter-dependent Lyapunov functions, polytopic uncertainties, robust state feedback control, uncertain linear systems}
}

@article{Lyapunov1992TheMotion,
    title = {{The general problem of the stability of motion}},
    year = {1992},
    journal = {International Journal of Control},
    author = {Lyapunov, A. M.},
    number = {3},
    pages = {531--534},
    volume = {55},
    doi = {10.1080/00207179208934253},
    issn = {13665820}
}